@misc{Scikit-Learn,
  title = {{Scikit-Learn}},
  howpublished = {\url{https://scikit-learn.org/stable/modules/classes.html}}
}


@misc{GridSearchCV,
  title = {{GridSearchCV}},
  howpublished = {\url{https://scikit-learn.org/stable/modules/generated/sklearn.model_selection.GridSearchCV.html}}
}

@misc{Fitter,
  title = {{Fitter}},
  howpublished = {\url{https://fitter.readthedocs.io/en/latest/}}
}

@misc{Wikipedia-playoffs,
  title = {{Wikipedia NBA-playoffs 2022}},
  howpublished = {\url{https://en.wikipedia.org/wiki/2022_NBA_playoffs}}
}


